<?xml version="1.0" encoding="UTF-8"?><collection xmlns="http://www.loc.gov/MARC21/slim"><record><leader>00447nam--2200121-i-4500</leader><controlfield tag="001">000047913</controlfield><controlfield tag="002">20161230</controlfield><controlfield tag="005">20161230201046</controlfield><controlfield tag="008">060222s1000------------r-----000-0-eng-d</controlfield><datafield ind1=" " ind2=" " tag="080"><subfield code="a">01:5</subfield></datafield><datafield ind1=" " ind2=" " tag="245"><subfield code="a">Wykaz artykulow opublikowanych w uspiechach fiziczeskich nauk t.i. - lxxv/1918-1961</subfield></datafield><datafield ind1=" " ind2=" " tag="260"><subfield code="a">Warszawa, Pelonomocnik Rzadu Do Spraw Wykorozystania Energii Jadrowej Josrodek Informacji Naukowej, Technicznej I Ekonomicznej, 1962, 142p</subfield></datafield><datafield ind1=" " ind2=" " tag="852"><subfield code="a">D1039</subfield></datafield></record></collection>